@inproceedings{greenwald2003,
    author = {Greenwald, Amy and Hall, Keith},
    title = {Correlated-Q Learning},
    booktitle = {Proceedings of the Twentieth International Conference on International Conference on Machine Learning},
    series = {ICML'03},
    year = {2003},
    isbn = {1-57735-189-4},
    location = {Washington, DC, USA},
    pages = {242--249},
    numpages = {8},
    url = {http://dl.acm.org/citation.cfm?id=3041838.3041869},
    acmid = {3041869},
    publisher = {AAAI Press},
}

@inproceedings{hu1998,
    author = {Hu, Junling and Wellman, Michael P.},
    title = {Multiagent Reinforcement Learning: Theoretical Framework and an Algorithm},
    booktitle = {Proceedings of the Fifteenth International Conference on Machine Learning},
    series = {ICML '98},
    year = {1998},
    isbn = {1-55860-556-8},
    pages = {242--250},
    numpages = {9},
    url = {http://dl.acm.org/citation.cfm?id=645527.657296},
    acmid = {657296},
    publisher = {Morgan Kaufmann Publishers Inc.},
    address = {San Francisco, CA, USA},
}

@inproceedings{littman2001,
    author = {Littman, Michael L.},
    title = {Friend-or-Foe Q-learning in General-Sum Games},
    booktitle = {Proceedings of the Eighteenth International Conference on Machine Learning},
    series = {ICML '01},
    year = {2001},
    isbn = {1-55860-778-1},
    pages = {322--328},
    numpages = {7},
    url = {http://dl.acm.org/citation.cfm?id=645530.655661},
    acmid = {655661},
    publisher = {Morgan Kaufmann Publishers Inc.},
    address = {San Francisco, CA, USA},
}






